<?xml version="1.0" encoding="UTF-8"?><collection xmlns="http://www.loc.gov/MARC21/slim"><record><leader>00469nam--2200145-i-4500</leader><controlfield tag="001">000017296</controlfield><controlfield tag="002">20161230</controlfield><controlfield tag="005">20161230201032</controlfield><controlfield tag="008">060222s1000------------r-----000-0-eng-d</controlfield><datafield ind1=" " ind2=" " tag="080"><subfield code="a">631.531:546</subfield></datafield><datafield ind1=" " ind2=" " tag="245"><subfield code="a">Cec project mirage-second phase on migration of radionuclides in the geosphere.thirc(and final) summary progress report(work period 1989)</subfield></datafield><datafield ind1=" " ind2=" " tag="260"><subfield code="a">Brussels,Commission Of The European Communiti 1990. 245p</subfield></datafield><datafield ind1=" " ind2=" " tag="490"><subfield code="a">Eur</subfield></datafield><datafield ind1=" " ind2=" " tag="700"><subfield code="a">Come,B</subfield></datafield><datafield ind1=" " ind2=" " tag="852"><subfield code="a">80201</subfield></datafield></record></collection>